@book{griffiths2008introduction,
  title={Introduction to elementary particles},
  author={Griffiths, David},
  year={2008},
  publisher={John Wiley \& Sons},
}

@article{lederman1970resource,
  title={Resource Letter Neu-1 History of the Neutrino},
  author={Lederman, Leon M},
  journal={American Journal of Physics},
  volume={38},
  number={2},
  pages={129--136},
  year={1970},
  publisher={AAPT}
}

@book{bernstein2004elusive,
  title={The Elusive Neutrino},
  author={Bernstein, Jeremy},
  year={2004},
  publisher={University Press of the Pacific}
}

@book{lewis1970neutrinos,
  title={Neutrinos},
  author={Lewis, Gething M},
  year={1970},
  publisher={Wykeham}
}

@article{reines1953proposed,
  title={A proposed experiment to detect the free neutrino},
  author={Reines, F and Cowan Jr, CL},
  journal={Physical Review},
  volume={90},
  number={3},
  pages={492},
  year={1953},
  publisher={APS}
}

@article{reines1953detection,
  title={Detection of the free neutrino},
  author={Reines, Frederick and Cowan Jr, CL},
  journal={Physical Review},
  volume={92},
  number={3},
  pages={830},
  year={1953},
  publisher={APS}
}

@article{Cowan1956Confirmation,
    title={Detection of the Free Neutrino: a Confirmation},
    author={Cowan Jr, CL and others},
    journal={Science},
    volume={124},
    number={3212},
    pages={103-104},
    year={1956},
    publisher={American Association for the Advancement of Science},
    doi ={DOI: 10.1126/science.124.3212.103},
}

@article{davis1959attempt,
  title={Attempt to observe the Cl$^{37}$ $ (\Bar{\nu} e^-)$ Ar$^{37}$  reaction induced by reactor antineutrinos},
  author={Davis Jr, Raymond and Harmer, Don S},
  journal={Bull. Am. Phys. Soc.},
  volume={4},
  pages={217},
  year={1959}
}

@article{chadwick1932possible,
  title={Possible existence of a neutron},
  author={Chadwick, James},
  journal={Nature},
  volume={129},
  number={3252},
  pages={312},
  year={1932},
  publisher={Nature Publishing Group}
}

@article{Fermi:1934hr,
      author         = "Fermi, E.",
      title          = "{An attempt of a theory of beta radiation. 1.}",
      journal        = "Z. Phys.",
      volume         = "88",
      year           = "1934",
      pages          = "161-177",
      doi            = "10.1007/BF01351864",
      reportNumber   = "UCRL-TRANS-726",
      SLACcitation   = "%%CITATION = ZEPYA,88,161;%%"
}


@article{wilson1968fermi,
  title={Fermi's theory of beta decay},
  author={Wilson, Fred L},
  journal={American Journal of Physics},
  volume={36},
  number={12},
  pages={1150--1160},
  year={1968},
  publisher={AAPT},
  doi = "10.1119/1.1974382"
}

@article{michel1949energy,
  title={Energy Spectrum of Secondary Electrons from {\^I} $1/4$ -Meson Decay},
  author={Michel, Louis},
  journal={Nature},
  volume={163},
  number={4155},
  pages={959},
  year={1949},
  publisher={Nature Publishing Group}
}

@article{cowan1957test,
  title={Test of Neutrinoâ€”Antineutrino Identity},
  author={Cowan Jr, Clyde L and Reines, Frederick},
  journal={Physical Review},
  volume={106},
  number={4},
  pages={825},
  year={1957},
  publisher={APS}
}

@article{konopinski1953universal,
  title={The universal Fermi interaction},
  author={Konopinski, EJ and Mahmoud, HM},
  journal={Physical Review},
  volume={92},
  number={4},
  pages={1045},
  year={1953},
  publisher={APS}
}

@article{pontecorvo1963neutrino,
  title={The neutrino and its role in astrophysics},
  author={Pontecorvo, Bruno},
  journal={Soviet Physics Uspekhi},
  volume={6},
  number={1},
  pages={1},
  year={1963},
  publisher={IOP Publishing}
}

@article{DanbyG1962PhysRevLett.9.36,
  title = {Observation of High-Energy Neutrino Reactions and the Existence of Two Kinds of Neutrinos},
  author = {Danby, G. and Gaillard, J-M. and Goulianos, K. and Lederman, L. M. and Mistry, N. and Schwartz, M. and Steinberger, J.},
  journal = {Phys. Rev. Lett.},
  volume = {9},
  issue = {1},
  pages = {36--44},
  numpages = {0},
  year = {1962},
  month = {Jul},
  publisher = {American Physical Society},
  doi = {10.1103/PhysRevLett.9.36},
  url = {https://link.aps.org/doi/10.1103/PhysRevLett.9.36}
}

@inproceedings{Lee:1960tja,
      author         = "Lee, T. D.",
      title          = "{Intermediate boson hypothesis of weak interactions}",
      booktitle      = "{Proceedings, 10th International Conference on
                        High-Energy Physics (ICHEP 60): Rochester, NY, USA, 25 Aug
                        - 1 Sep 1960}",
      year           = "1960",
      pages          = "567-572",
      SLACcitation   = "%%CITATION = INSPIRE-1341437;%%"
}

@article{bahcall1968present,
  title={Present Status of the Theoretical Predictions for the Cl 37 Solar-Neutrino Experiment},
  author={Bahcall, John N and Bahcall, Neta A and Shaviv, Giora},
  journal={Physical Review Letters},
  volume={20},
  number={21},
  pages={1209},
  year={1968},
  publisher={APS}
}

@article{davis1968homestake,
  title = {Search for Neutrinos from the Sun},
  author = {Davis, Raymond and Harmer, Don S. and Hoffman, Kenneth C.},
  journal = {Phys. Rev. Lett.},
  volume = {20},
  issue = {21},
  pages = {1205--1209},
  numpages = {0},
  year = {1968},
  month = {May},
  publisher = {American Physical Society},
  doi = {10.1103/PhysRevLett.20.1205},
  url = {https://link.aps.org/doi/10.1103/PhysRevLett.20.1205}
}

@article{Kamiokande-II1989,
  title = {Observation of $^{8}\mathrm{B}$ solar neutrinos in the Kamiokande-II detector},
  author = {Hirata, K. S. and others},
  journal = {Phys. Rev. Lett.},
  volume = {63},
  issue = {1},
  pages = {16--19},
  numpages = {0},
  year = {1989},
  month = {Jul},
  publisher = {American Physical Society},
  doi = {10.1103/PhysRevLett.63.16},
  url = {https://link.aps.org/doi/10.1103/PhysRevLett.63.16}
}

@article{superK2001,
  title = {Solar $^{8}B$ and hep Neutrino Measurements from 1258 Days of Super-Kamiokande Data},
  author = {Fukuda, S. and others},
  collaboration = {Super-Kamiokande Collaboration},
  journal = {Phys. Rev. Lett.},
  volume = {86},
  issue = {25},
  pages = {5651--5655},
  numpages = {0},
  year = {2001},
  month = {Jun},
  publisher = {American Physical Society},
  doi = {10.1103/PhysRevLett.86.5651},
  url = {https://link.aps.org/doi/10.1103/PhysRevLett.86.5651}
}
@article{sno2001,
  title = {Measurement of the Rate of ${\ensuremath{\nu}}_{e}+\mathit{d}\ensuremath{\rightarrow}\mathit{p}+\mathit{p}+{\mathit{e}}^{\ensuremath{-}}$ Interactions Produced by $^{8}B$ Solar Neutrinos at the Sudbury Neutrino Observatory},
  author = {Ahmad, Q. R. and others},
  collaboration = {SNO Collaboration},
  journal = {Phys. Rev. Lett.},
  volume = {87},
  issue = {7},
  pages = {071301},
  numpages = {6},
  year = {2001},
  month = {Jul},
  publisher = {American Physical Society},
  doi = {10.1103/PhysRevLett.87.071301},
  url = {https://link.aps.org/doi/10.1103/PhysRevLett.87.071301}
}

@article{Bellerive:2003rj,
      author         = "Bellerive, Alain",
      title          = "{Review of solar neutrino experiments}",
      booktitle      = "{Proceedings, 21st International Symposium on Lepton and
                        Photon Interactions at High Energies (LP 03): Batavia,
                        ILL, August 11-16, 2003}",
      journal        = "Int. J. Mod. Phys.",
      volume         = "A19",
      year           = "2004",
      pages          = "1167-1179",
      doi            = "10.1142/S0217751X04019093",
      eprint         = "hep-ex/0312045",
      archivePrefix  = "arXiv",
      primaryClass   = "hep-ex",
      SLACcitation   = "%%CITATION = HEP-EX/0312045;%%"
}

@article{Ashenfelter:2015tpm,
      author         = "Ashenfelter, J. and others",
      title          = "{Background Radiation Measurements at High Power Research
                        Reactors}",
      collaboration  = "PROSPECT",
      journal        = "Nucl. Instrum. Meth.",
      volume         = "A806",
      year           = "2016",
      pages          = "401-419",
      doi            = "10.1016/j.nima.2015.10.023",
      eprint         = "1506.03547",
      archivePrefix  = "arXiv",
      primaryClass   = "physics.ins-det",
      SLACcitation   = "%%CITATION = ARXIV:1506.03547;%%"
}

@article{pontecorvo1958_OscillationProposal,
   author = {{Pontecorvo}, B.},
    title = "{Mesonium and Antimesonium}",
  journal = {Soviet Journal of Experimental and Theoretical Physics},
     year = 1958,
   volume = 6,
    pages = {429},
   adsurl = {https://ui.adsabs.harvard.edu/abs/1958JETP....6..429P},
  adsnote = {Provided by the SAO/NASA Astrophysics Data System}
}

@ARTICLE{pontecorvo_gibov_1969_solar_oscillation,
   author = {{Gribov}, V. and {Pontecorvo}, B.},
    title = "{Neutrino astronomy and lepton charge}",
  journal = {Physics Letters B},
     year = 1969,
    month = jan,
   volume = 28,
    pages = {493-496},
      doi = {10.1016/0370-2693(69)90525-5},
   adsurl = {https://ui.adsabs.harvard.edu/abs/1969PhLB...28..493G},
  adsnote = {Provided by the SAO/NASA Astrophysics Data System}
}

@article{sassaroli1999neutrino,
  title={Neutrino oscillations: A relativistic example of a two-level system},
  author={Sassaroli, Elisabetta},
  journal={American Journal of Physics},
  volume={67},
  number={10},
  pages={869--875},
  doi = {10.1119/1.19140},
  year={1999},
  publisher={AAPT}
}

@article{burkhardt2003wavelength,
  title={The wavelength of neutrino and neutral kaon oscillations},
  author={Burkhardt, H and Lowe, J and Stephenson Jr, GJ and Goldman, T},
  journal={Physics Letters B},
  volume={566},
  number={1-2},
  pages={137--141},
  doi = {10.1016/S0370-2693(03)00776-7},
  year={2003},
  publisher={Elsevier}
}

@article{Mikheev_1987,
	doi = {10.1070/pu1987v030n09abeh002961},
	year = 1987,
	month = {sep},
	publisher = {{IOP} Publishing},
	volume = {30},
	number = {9},
	pages = {759--790},
	author = {Stanislav P Mikheev and A Yu Smirnov},
	title = {Resonance oscillations of neutrinos in matter},
	journal = {Soviet Physics Uspekhi},
}

@article{Olive_2014,
	doi = {10.1088/1674-1137/38/9/090001},
	url = {https://doi.org/10.1088\%2F1674-1137\%2F38\%2F9\%2F090001},
	year = 2014,
	month = {aug},
	publisher = {{IOP} Publishing},
	volume = {38},
	number = {9},
	pages = {090001},
	author = {K.A. Olive},
	title = {Review of Particle Physics},
	journal = {Chinese Physics C},
	abstract = {The Review summarizes much of particle physics and cosmology. Using data from previous editions, plus 3,283 new measurements from 899 papers, we list, evaluate, and average measured properties of gauge bosons and the recently discovered Higgs boson, leptons, quarks, mesons, and baryons. We summarize searches for hypothetical particles such as heavy neutrinos, supersymmetric and technicolor particles, axions, dark photons, etc. All the particle properties and search limits are listed in Summary Tables. We also give numerous tables, figures, formulae, and reviews of topics such as Supersymmetry, Extra Dimensions, Particle Detectors, Probability, and Statistics. Among the 112 reviews are many that are new or heavily revised including those on: Dark Energy, Higgs Boson Physics, Electroweak Model, Neutrino Cross Section Measurements, Monte Carlo Neutrino Generators, Top Quark, Dark Matter, Dynamical Electroweak Symmetry Breaking, Accelerator Physics of Colliders, High-Energy Collider Parameters, Big Bang Nucleosynthesis, Astrophysical Constants and Cosmological Parameters. All tables, listings, and reviews (and errata) are also available on the Particle Data Group website: http://pdg.lbl.gov.},
	note = {(pp.235 - 258)},
}   

@ARTICLE{Bilenky_1980,
   author = {{Bilenky}, S.~M. and {Ho{\v s}ek}, J. and {Petcov}, S.~T.},
    title = "{On the oscillations of neutrinos with Dirac and Majorana masses}",
  journal = {Physics Letters B},
     year = 1980,
    month = aug,
   volume = 94,
    pages = {495-498},
      doi = {10.1016/0370-2693(80)90927-2},
   adsurl = {https://ui.adsabs.harvard.edu/abs/1980PhLB...94..495B},
  adsnote = {Provided by the SAO/NASA Astrophysics Data System}
}

@article{Schechter_and_Valle_1980,
  title = {Neutrino masses in SU(2) \ensuremath{\bigotimes} U(1) theories},
  author = {Schechter, J. and Valle, J. W. F.},
  journal = {Phys. Rev. D},
  volume = {22},
  issue = {9},
  pages = {2227--2235},
  numpages = {0},
  year = {1980},
  month = {Nov},
  publisher = {American Physical Society},
  doi = {10.1103/PhysRevD.22.2227},
  url = {https://link.aps.org/doi/10.1103/PhysRevD.22.2227}
}

@article{Schechter_and_Valle_1982,
  title = {Neutrinoless double-$\ensuremath{\beta}$ decay in SU(2)U(1) theories},
  author = {Schechter, J. and Valle, J. W. F.},
  journal = {Phys. Rev. D},
  volume = {25},
  issue = {11},
  pages = {2951--2954},
  numpages = {0},
  year = {1982},
  month = {Jun},
  publisher = {American Physical Society},
  doi = {10.1103/PhysRevD.25.2951},
  url = {https://link.aps.org/doi/10.1103/PhysRevD.25.2951}
}

@article{abe2014improved,
  title={Improved measurements of the neutrino mixing angle $\theta$ 13 with the Double Chooz detector},
  author={Abe, Y and Dos Anjos, JC and Barriere, JC and Baussan, E and Bekman, I and Bergevin, M and Bezerra, TJC and Bezrukov, L and Blucher, E and Buck, C and others},
  journal={Journal of High Energy Physics},
  volume={2014},
  number={10},
  pages={86},
  year={2014},
  publisher={Springer}
}

@article{Cardani_2019,
   title={Neutrinoless double beta decay overview},
   url={http://dx.doi.org/10.21468/scipostphysproc.1.024},
   DOI={10.21468/scipostphysproc.1.024},
   number={1},
   journal={SciPost Physics Proceedings},
   publisher={Stichting SciPost},
   author={Cardani, Laura},
   year={2019},
   month={Feb}
}

@article{Vogel_1999,
   title={Angular distribution of neutron inverse beta decay, $\Bar{\nu_e}+p\rightarrow e^+ +n$},
   volume={60},
   ISSN={1089-4918},
   url={http://dx.doi.org/10.1103/PhysRevD.60.053003},
   DOI={10.1103/physrevd.60.053003},
   number={5},
   journal={Physical Review D},
   publisher={American Physical Society (APS)},
   author={Vogel, P. and Beacom, J. F.},
   year={1999},
   month={Jul}
}

@article{Mueller_2011,
   title={Improved predictions of reactor antineutrino spectra},
   volume={83},
   ISSN={1089-490X},
   url={http://dx.doi.org/10.1103/PhysRevC.83.054615},
   DOI={10.1103/physrevc.83.054615},
   number={5},
   journal={Physical Review C},
   publisher={American Physical Society (APS)},
   author={Mueller, Th. A. and others},
   year={2011},
   month={May}
}

@article{Bowden_2007,
title = "Experimental results from an antineutrino detector for cooperative monitoring of nuclear reactors",
journal = "Nuclear Instruments and Methods in Physics Research Section A: Accelerators, Spectrometers, Detectors and Associated Equipment",
volume = "572",
number = "2",
pages = "985 - 998",
year = "2007",
issn = "0168-9002",
doi = "https://doi.org/10.1016/j.nima.2006.12.015",
url = "http://www.sciencedirect.com/science/article/pii/S0168900206024326",
author = "N.S. Bowden and A. Bernstein and M. Allen and J.S. Brennan and M. Cunningham and J.K. Estrada and C.M.R. Greaves and C. Hagmann and J. Lund and W. Mengesha and T.D. Weinbeck and C.D. Winant",
keywords = "Nuclear reactor safeguards, Antineutrino detection, Gadolinium loaded liquid scintillator",
abstract = "Our collaboration has designed, installed, and operated a compact antineutrino detector at a nuclear power station, for the purpose of monitoring the power and plutonium content of the reactor core. This paper focuses on the basic properties and performance of the detector. We describe the site, the reactor source, and the detector, and provide data that clearly show the expected antineutrino signal. Our data and experience demonstrate that it is possible to operate a simple, relatively small, antineutrino detector near a reactor, in a non-intrusive and unattended mode for months to years at a time, from outside the reactor containment, with no disruption of day-to-day operations at the reactor site. This unique real-time cooperative monitoring capability may be of interest for the International Atomic Energy Agency (IAEA) reactor safeguards program and similar regimes."
}

@Article{Borovoi_1978,
author="Borovoi, A. A.
and Mika{\'e}lyan, L. A.",
title="Possibilities of the practical use of neutrinos",
journal="Soviet Atomic Energy",
year="1978",
month="Jun",
day="01",
volume="44",
number="6",
pages="589--592",
issn="1573-8205",
doi="10.1007/BF01117861",
url="https://doi.org/10.1007/BF01117861"
}

@misc{IAEA_2008,
  title={Final Report: Focused Workshop on Antineutrino Detection for safeguards Applications},
  author={Headquarters, IAEA},
  year={2008},
  month={October},
  url="www.lefigaro.fr/assets/pdf/AIEA-neutrino.pdf"
}

@article{smith_1972,
title = "Neutrino reactions at accelerator energies",
journal = "Physics Reports",
volume = "3",
number = "5",
pages = "261 - 379",
year = "1972",
issn = "0370-1573",
doi = "https://doi.org/10.1016/0370-1573(72)90010-5",
url = "http://www.sciencedirect.com/science/article/pii/0370157372900105",
author = "C.H. Llewellyn Smith"
}

@article{lasserre2006,
    title={Double Chooz, A Search for the Neutrino Mixing Angle theta-13},
    author={Maury Goodman Thierry Lasserre},
    year={2006},
    eprint={hep-ex/0606025},
    archivePrefix={arXiv},
    primaryClass={hep-ex}
}

@article{Abe_2012,
   title={Reactor $\Bar{\nu}^e $disappearance in the Double Chooz experiment},
   volume={86},
   ISSN={1550-2368},
   url={http://dx.doi.org/10.1103/PhysRevD.86.052008},
   DOI={10.1103/physrevd.86.052008},
   number={5},
   journal={Physical Review D},
   publisher={American Physical Society (APS)},
   author={Abe, Y. and Aberle, C. and dos Anjos, J. C. and Barriere, J. C. and Bergevin, M. and Bernstein, A. and Bezerra, T. J. C. and Bezrukhov, L. and Blucher, E. and Bowden, N. S. and et al.},
   year={2012},
   month={Sep}
}

@article{reno_may_2019,
   title={Fuel-Composition Dependent Reactor Antineutrino Yield at RENO},
   volume={122},
   ISSN={1079-7114},
   url={http://dx.doi.org/10.1103/PhysRevLett.122.232501},
   DOI={10.1103/physrevlett.122.232501},
   number={23},
   journal={Physical Review Letters},
   publisher={American Physical Society (APS)},
   author={RENO collaboration},
   year={2019},
   month={Jun}
}

@article{reno_may_2012,
  title = {Observation of Reactor Electron Antineutrinos Disappearance in the RENO Experiment},
  author = {RENO collaboration},
  collaboration = {RENO Collaboration},
  journal = {Phys. Rev. Lett.},
  volume = {108},
  issue = {19},
  pages = {191802},
  numpages = {6},
  year = {2012},
  month = {May},
  publisher = {American Physical Society},
  doi = {10.1103/PhysRevLett.108.191802},
  url = {https://link.aps.org/doi/10.1103/PhysRevLett.108.191802}
}

@misc{reno2013,
    title={New Results from RENO},
    author={Seon-Hee Seo},
    year={2013},
    eprint={1312.4111},
    archivePrefix={arXiv},
    primaryClass={physics.ins-det}
}

@misc{askins2015physics,
    title={The Physics and Nuclear Nonproliferation Goals of WATCHMAN: A WAter CHerenkov Monitor for ANtineutrinos},
    author={M. Askins and M. Bergevin and A. Bernstein and S. Dazeley and S. T. Dye and T. Handler and A. Hatzikoutelis and D. Hellfeld and P. Jaffke and Y. Kamyshkov and B. J. Land and J. G. Learned and P. Marleau and C. Mauger and G. D. Orebi Gann and C. Roecker and S. D. Rountree and T. M. Shokair and M. B. Smy and R. Svoboda and M. Sweany and M. R. Vagins and K. A. van Bibber and R. B. Vogelaar and M. J. Wetstein and M. Yeh},
    year={2015},
    eprint={1502.01132},
    archivePrefix={arXiv},
    primaryClass={physics.ins-det}
}

@misc{dye2017evaluating,
    title={Evaluating Reactor Antineutrino Signals for WATCHMAN},
    author={Steve Dye},
    year={2017},
    eprint={1702.06117},
    archivePrefix={arXiv},
    primaryClass={physics.ins-det}
}

@misc{burns2018remote,
    title={Remote detection of undeclared nuclear reactors using the WATCHMAN detector},
    author={Jonathan Burns},
    year={2018},
    eprint={1804.00655},
    archivePrefix={arXiv},
    primaryClass={physics.ins-det}
}

@misc{danielson2019directionally,
    title={Directionally Accelerated Detection of an Unknown Second Reactor with Antineutrinos for Mid-Field Nonproliferation Monitoring},
    author={D. L. Danielson and others},
    year={2019},
    eprint={1909.05374},
    archivePrefix={arXiv},
    primaryClass={physics.ins-det}
}

@article{Apollonio_2003,
   title={Search for neutrino oscillations on a long base-line at the CHOOZ nuclear power station},
   volume={27},
   ISSN={1434-6052},
   url={http://dx.doi.org/10.1140/epjc/s2002-01127-9},
   DOI={10.1140/epjc/s2002-01127-9},
   number={3},
   journal={The European Physical Journal C},
   publisher={Springer Science and Business Media LLC},
   author={Apollonio, M. and Baldini, A. and Bemporad, C. and Caffau, E. and Cei, F. and Declais, Y. and Kerret, H. de and Dieterle, B. and Etenko, A. and Foresti, L. and et al.},
   year={2003},
   month={Apr},
   pages={331â€“374}
}

@article{Daya_Bay_2017,
   title={Evolution of the Reactor Antineutrino Flux and Spectrum at Daya Bay},
   volume={118},
   ISSN={1079-7114},
   url={http://dx.doi.org/10.1103/PhysRevLett.118.251801},
   DOI={10.1103/physrevlett.118.251801},
   number={25},
   journal={Physical Review Letters},
   publisher={American Physical Society (APS)},
   author={Daya Bay Collaboration},
   year={2017},
   month={Jun}
}

@misc{DayaBay2007Precision,
    title={A Precision Measurement of the Neutrino Mixing Angle $\theta_{13}$ using Reactor Antineutrinos at Daya Bay},
    author={Daya Bay Collaboration},
    year={2007},
    eprint={hep-ex/0701029},
    archivePrefix={arXiv},
    primaryClass={hep-ex}
}

@article{nucifer2016,
   title={Online monitoring of the Osiris reactor with the Nucifer neutrino detector},
   volume={93},
   ISSN={2470-0029},
   url={http://dx.doi.org/10.1103/PhysRevD.93.112006},
   DOI={10.1103/physrevd.93.112006},
   number={11},
   journal={Physical Review D},
   publisher={American Physical Society (APS)},
   author={nucifer collaboration},
   year={2016},
   month={Jun}
}

@article{Allan_2013,
   title={The electromagnetic calorimeter for the T2K near detector ND280},
   volume={8},
   ISSN={1748-0221},
   url={http://dx.doi.org/10.1088/1748-0221/8/10/P10019},
   DOI={10.1088/1748-0221/8/10/p10019},
   number={10},
   journal={Journal of Instrumentation},
   publisher={IOP Publishing},
   author={T2K collaboration},
   year={2013},
   month={Oct},
   pages={P10019â€“P10019}
}

@article{Carroll_2018,
   title={Monitoring Reactor Anti-Neutrinos Using a Plastic Scintillator Detector in a Mobile Laboratory},
   url={https://arxiv.org/abs/1811.01006},
   journal={Pre-print},
   publisher={none},
   author={Carrol, J and others},
   year={2018},
   month={Nov},
}

@article{Marteau_2017,
   title={DIAPHANE: muon tomography applied to volcanoes, civil engineering, archaelogy},
   volume={12},
   ISSN={1748-0221},
   url={http://dx.doi.org/10.1088/1748-0221/12/02/C02008},
   DOI={10.1088/1748-0221/12/02/c02008},
   number={02},
   journal={Journal of Instrumentation},
   publisher={IOP Publishing},
   author={Marteau, J. and dâ€™ Ars, J. de Bremond and Gibert, D. and Jourde, K. and Ianigro, J.-C. and Carlus, B.},
   year={2017},
   month={Feb},
   pages={C02008â€“C02008}
}

@article{Agostinelli:2002hh,
    author = "Agostinelli, S. and others",
    collaboration = "GEANT4",
    title = "{GEANT4--a simulation toolkit}",
    reportNumber = "SLAC-PUB-9350, FERMILAB-PUB-03-339, CERN-IT-2002-003",
    doi = "10.1016/S0168-9002(03)01368-8",
    journal = "Nucl. Instrum. Meth. A",
    volume = "506",
    pages = "250--303",
    year = "2003"
}

@book{Abdushukurov_2010,
Author = {Abdushukurov, D. A.},
ISBN = {9781617286766},
Publisher = {Nova Science Publishers},
Series = {Physics research and technology},
Title = {Gadolinium foils as converters of thermal neutrons in detectors of nuclear radiation.},
URL = {https://liverpool.idm.oclc.org/login?url=https://search.ebscohost.com/login.aspx?direct=true&db=cat00003a&AN=lvp.b3072349&site=eds-live&scope=site},
Year = {2010},
}

@book{knoll_2010,
Author = {Knoll, Glenn F.},
ISBN = {9780470131480},
Publisher = {John Wiley},
Title = {Radiation detection and measurement.},
URL = {https://liverpool.idm.oclc.org/login?url=https://search.ebscohost.com/login.aspx?direct=true&db=cat00003a&AN=lvp.b2270369&site=eds-live&scope=site},
Year = {2010},
}

@article{birks_1964,
  title={The theory and practice of scintillation counting},
  author={Birks, John Bettely},
  year={1964},
  publisher={Pergamon}
}

@article{craun_1970,
title = "Analysis of response data for several organic scintillators",
journal = "Nuclear Instruments and Methods",
volume = "80",
number = "2",
pages = "239 - 244",
year = "1970",
issn = "0029-554X",
doi = "https://doi.org/10.1016/0029-554X(70)90768-8",
url = "http://www.sciencedirect.com/science/article/pii/0029554X70907688",
author = "R.L. Craun and D.L. Smith",
}

@article{aliaga_2015,
title = "MINERvA neutrino detector response measured with test beam data",
journal = "Nuclear Instruments and Methods in Physics Research Section A: Accelerators, Spectrometers, Detectors and Associated Equipment",
volume = "789",
pages = "28 - 42",
year = "2015",
issn = "0168-9002",
doi = "https://doi.org/10.1016/j.nima.2015.04.003",
url = "http://www.sciencedirect.com/science/article/pii/S0168900215004568",
author = "L. Aliaga and O. Altinok and others",
}

@article{aliaga_2014,
title = "Design, calibration, and performance of the MINERvA detector",
journal = "Nuclear Instruments and Methods in Physics Research Section A: Accelerators, Spectrometers, Detectors and Associated Equipment",
volume = "743",
pages = "130 - 159",
year = "2014",
issn = "0168-9002",
doi = "https://doi.org/10.1016/j.nima.2013.12.053",
url = "http://www.sciencedirect.com/science/article/pii/S0168900214000035",
author = "L. Aliaga and L. Bagby and others",
}

@article{Heikkinen_2003,
    author = "Heikkinen, Aatos and Stepanov, Nikita and Wellisch, Johannes Peter",
    title = "{Bertini intranuclear cascade implementation in GEANT4}",
    eprint = "nucl-th/0306008",
    archivePrefix = "arXiv",
    reportNumber = "CHEP-2003-MOMT008",
    journal = "eConf",
    volume = "C0303241",
    pages = "MOMT008",
    year = "2003"
}

@article{Patrick_2018,
   title={Measurement of the muon antineutrino double-differential cross section for quasielastic-like scattering on hydrocarbon at $E_\nu$ $\sim$ 3.5\,GeV},
   volume={97},
   ISSN={2470-0029},
   url={http://dx.doi.org/10.1103/PhysRevD.97.052002},
   DOI={10.1103/physrevd.97.052002},
   number={5},
   journal={Physical Review D},
   publisher={American Physical Society (APS)},
   author={Patrick, C.E. and Aliaga, L. and others},
   year={2018},
   month={Mar}
}

@ARTICLE{schultz_2007,
  author={L. J. {Schultz} and G. S. {Blanpied} and K. N. {Borozdin} and A. M. {Fraser} and N. W. {Hengartner} and A. V. {Klimenko} and C. L. {Morris} and C. {Orum} and M. J. {Sossong}},
  journal={IEEE Transactions on Image Processing}, 
  title={Statistical Reconstruction for Cosmic Ray Muon Tomography}, 
  year={2007},
  volume={16},
  number={8},
  pages={1985-1993},
  doi={10.1109/TIP.2007.901239}}

@article{YuChen_2015,
    author={Yu. {Chen}},
    year={2015},
    journal={Syracuse University Assay and acquisition of Radiopure materials (AARM)Workshop},
    url={https://zzz.physics.umn.edu/!lowrad/_media/meeting8/ychen_gdgammas_aarm2015.pdf}
}

@article {koiTatsumi_2006,
    author={Koi. {Tatsumi}},
    year={2006},
    jornal={GEANT4 Physics Verification and Validation},
    url={https://indico.cern.ch/event/4532/contributions/1962794/subcontributions/177788/attachments/945731/1341564/Neutrons.pdf}
}


@book{molnar_2004,
  title={Handbook of prompt gamma activation analysis: with neutron beams},
  author={Moln{\'a}r, G{\'a}bor},
  volume={1},
  year={2004},
  publisher={Springer Science \& Business Media}
}

@article{kandlakunta_2012,
  title={Gamma-ray rejection, or detection, with gadolinium as a converter},
  author={Kandlakunta, Praneeth and Cao, Lei},
  journal={Radiation protection dosimetry},
  volume={151},
  number={3},
  pages={586--590},
  year={2012},
  publisher={Oxford University Press}
}

@article{bollinger_1970,
  title={Average-Resonance Method of Neutron-Capture $\gamma$-Ray Spectroscopy: States of Pd 106, Gd 156, Gd 158, Ho 166, and Er 168},
  author={Bollinger, LM and Thomas, GE},
  journal={Physical Review C},
  volume={2},
  number={5},
  pages={1951},
  year={1970},
  publisher={APS}
}

@article{Chyzh_2011,
title = {Measurement of the {sup 157}Gd(n,{gamma}) reaction with the DANCE {gamma} calorimeter array},
author = {Chyzh, A and Dashdorj, D and Lawrence Livermore National Laboratory, Livermore, California 94551 and Baramsai, B and Mitchell, G E and Walker, C L and Becker, J A and Parker, W and Wu, C Y and Becvar, F and Kroll, J and Krticka, M and Bredeweg, T A and Couture, A and Haight, R C and Jandel, M and O'Donnell, J M and Rundberg, R S and Ullmann, J L and Vieira, D J and Wilhelmy, J B},
abstractNote = {The {sup 157}Gd(n,{gamma}) reaction was measured with the DANCE {gamma} calorimeter (consisting of 160 BaF{sub 2} scintillation detectors) at the Los Alamos Neutron Science Center. The multiplicity distributions of the {gamma} decay were used to determine the resonance spins up to E{sub n}=300 eV. The {gamma}-ray energy spectra for different multiplicities were measured for the s-wave resonances. The shapes of these spectra were compared with simulations based on the use of the DICEBOX statistical model code. Simulations showed that the scissors mode is required not only for the ground-state transitions but also for transitions between excited states.},
doi = {10.1103/PHYSREVC.84.014306},
url = {https://www.osti.gov/biblio/21596552}, journal = {Physical Review. C, Nuclear Physics},
issn = {0556-2813},
number = 1,
volume = 84,
place = {United States},
year = {2011},
month = {7}
}

@INPROCEEDINGS{Boser92atraining,
    author = {Bernhard E. Boser and Isabelle M. Guyon and Vladimir N. Vapnik},
    title = {A Training Algorithm for Optimal Margin Classifiers},
    booktitle = {Proceedings of the 5th Annual ACM Workshop on Computational Learning Theory},
    year = {1992},
    pages = {144--152},
    publisher = {ACM Press}
}

@article{cortes1995support,
  title={Support-vector networks},
  author={Cortes, Corinna and Vapnik, Vladimir},
  journal={Machine learning},
  volume={20},
  number={3},
  pages={273--297},
  year={1995},
  publisher={Springer}
}

@techreport{platt1998sequential,
author = {Platt, John},
title = {Sequential Minimal Optimization: A Fast Algorithm for Training Support Vector Machines},
institution = {Microsoft},
year = {1998},
month = {April},
abstract = {This paper proposes a new algorithm for training support vector machines: Sequential Minimal Optimization, or SMO. Training a support vector machine requires the solution of a very large quadratic programming (QP) optimization problem. SMO breaks this large QP problem into a series of smallest possible QP problems. These small QP problems are solved analytically, which avoids using a time-consuming numerical QP optimization as an inner loop. The amount of memory required for SMO is linear in the training set size, which allows SMO to handle very large training sets. Because matrix computation is avoided, SMO scales somewhere between linear and quadratic in the training set size for various test problems, while the standard chunking SVM algorithm scales somewhere between linear and cubic in the training set size. SMO's computation time is dominated by SVM evaluation, hence SMO is fastest for linear SVMs and sparse data sets. On real-world sparse data sets, SMO can be more than 1000 times faster than the chunking algorithm.},
url = {https://www.microsoft.com/en-us/research/publication/sequential-minimal-optimization-a-fast-algorithm-for-training-support-vector-machines/},
number = {MSR-TR-98-14},
}

@article{scikit-learn,
 title={Scikit-learn: Machine Learning in {P}ython},
 author={Pedregosa, F. and Varoquaux, G. and Gramfort, A. and Michel, V.
         and Thirion, B. and Grisel, O. and Blondel, M. and Prettenhofer, P.
         and Weiss, R. and Dubourg, V. and Vanderplas, J. and Passos, A. and
         Cournapeau, D. and Brucher, M. and Perrot, M. and Duchesnay, E.},
 journal={Journal of Machine Learning Research},
 volume={12},
 pages={2825--2830},
 year={2011}
}

@article{chang2011libsvm,
  title={LIBSVM: a library for support vector machines},
  author={Chang, Chih-Chung and Lin, Chih-Jen},
  journal={ACM transactions on intelligent systems and technology (TIST)},
  volume={2},
  number={3},
  pages={1--27},
  year={2011},
  publisher={Acm New York, NY, USA}
}

@article{fan2008liblinear,
  title={LIBLINEAR: A library for large linear classification},
  author={Fan, Rong-En and Chang, Kai-Wei and Hsieh, Cho-Jui and Wang, Xiang-Rui and Lin, Chih-Jen},
  journal={the Journal of machine Learning research},
  volume={9},
  pages={1871--1874},
  year={2008},
  publisher={JMLR. org}
}

@article{murty2016support,
  title={Support Vector Machines and Perceptrons: Learning, Optimization, Classification, and Application to Social Networks},
  author={Murty, M Narasimha and Raghava, Rashmi},
  year={2016},
  publisher={Springer}
}

@inproceedings{williams2001using,
  title={Using the Nystr{\"o}m method to speed up kernel machines},
  author={Williams, Christopher and Seeger, Matthias},
  booktitle={Proceedings of the 14th annual conference on neural information processing systems},
  number={CONF},
  pages={682--688},
  year={2001}
}


@article{AMBROSI2011120,
title = {The MU-RAY project: Volcano radiography with cosmic-ray muons},
journal = {Nuclear Instruments and Methods in Physics Research Section A: Accelerators, Spectrometers, Detectors and Associated Equipment},
volume = {628},
number = {1},
pages = {120-123},
year = {2011},
note = {VCI 2010},
issn = {0168-9002},
doi = {https://doi.org/10.1016/j.nima.2010.06.299},
url = {https://www.sciencedirect.com/science/article/pii/S0168900210014890},
author = {G. Ambrosi and others},
keywords = {Muon radiography, Vulcano structure, Silicon photomultiplier}
}

@article{ANASTASIO2013423,
title = {The MU-RAY detector for muon radiography of volcanoes},
journal = {Nuclear Instruments and Methods in Physics Research Section A: Accelerators, Spectrometers, Detectors and Associated Equipment},
volume = {732},
pages = {423-426},
year = {2013},
note = {Vienna Conference on Instrumentation 2013},
issn = {0168-9002},
doi = {https://doi.org/10.1016/j.nima.2013.05.159},
url = {https://www.sciencedirect.com/science/article/pii/S0168900213007705},
author = {A. Anastasio and others},
keywords = {Muon radiography, Muon detector, SiPM, Volcanoes, Muography}
}

@article{Ambrosino_2014,
	doi = {10.1088/1748-0221/9/02/c02029},
	url = {https://doi.org/10.1088/1748-0221/9/02/c02029},
	year = 2014,
	month = {feb},
	publisher = {{IOP} Publishing},
	volume = {9},
	number = {02},
	pages = {C02029--C02029},
	author = {F Ambrosino and others},
	title = {The {MU}-{RAY} project: detector technology and first data from Mt. Vesuvius},
	journal = {Journal of Instrumentation},
}

@article{jonkmans2013nuclear,
  title={Nuclear waste imaging and spent fuel verification by muon tomography},
  author={Jonkmans, G and Anghel, VNP and Jewett, C and Thompson, M},
  journal={Annals of Nuclear Energy},
  volume={53},
  pages={267--273},
  year={2013},
  publisher={Elsevier}
}

@article{miyadera2013imaging,
  title={Imaging Fukushima Daiichi reactors with muons},
  author={Miyadera, Haruo and Borozdin, Konstantin N and Greene, Steve J and Luki{\'c}, Zarija and Masuda, Koji and Milner, Edward C and Morris, Christopher L and Perry, John O},
  journal={Aip Advances},
  volume={3},
  number={5},
  pages={052133},
  year={2013},
  publisher={American Institute of Physics}
}

@ARTICLE{neiMag_1965,
    author = {Nuclear Engineering International Magazine },
    title = {Wylfa Magnox, Wylfa, Anglesey, UK. Wall chart insert},
    journal = {Nuclear Engineering International Magazine},
    year = {1965},
    volume = {39},
}

@misc{GoogleMapsWylfaLink,
  title = {{Google Maps} Wylfa Aerial Image},
  howpublished = {\url{https://www.google.com/maps/place/Wylfa+Power+Station+Reactor+No.1/@53.4169844,-4.4836539,396m/data=!3m1!1e3!4m5!3m4!1s0x48644f5f73d2cfeb:0x3c76316391d4330!8m2!3d53.4174802!4d-4.482983}},
  note = {longitude = 53.4169844, latitude = -4.4836539, Google given access: 2018 / 06 / 28, accessed: 2021 / 08 / 02}
}

@misc{wylfaDronePictureLink,
  title = {{Daily Post} Wylfa Drone Image},
  howpublished = {\url{https://www.dailypost.co.uk/business/business-news/wylfa-cut-165-nuclear-jobs-10319401}},
  note = {created 2015 / 10 / 23, accessed: 2021 / 09 / 07}
}

@book{galassi2002gnu,
  title={GNU scientific library},
  author={Galassi, Mark and Davies, Jim and Theiler, James and Gough, Brian and Jungman, Gerard and Alken, Patrick and Booth, Michael and Rossi, Fabrice and Ulerich, Rhys},
  year={2002},
  publisher={Network Theory Limited}
}

@INPROCEEDINGS{ieee_cry_2007,
  author={Hagmann, Chris and Lange, David and Wright, Douglas},
  booktitle={2007 IEEE Nuclear Science Symposium Conference Record}, 
  title={Cosmic-ray shower generator (CRY) for Monte Carlo transport codes}, 
  year={2007},
  volume={2},
  number={},
  pages={1143-1146},
  doi={10.1109/NSSMIC.2007.4437209}
 }
 
 @book{griffiths2008book,
  title={Introduction to elementary particles},
  author={Griffiths, David},
  year={2008},
  publisher={John Wiley \& Sons}
}

@book{griffiths2008neutrinoOscillations,
  title={Introduction to elementary particles},
  author={Griffiths, David},
  year={2008},
  pages={387-400},
  note = {(pp.387 - 400)},
  publisher={John Wiley \& Sons}
}

@book{griffiths2008neutrino1.5,
  title={Introduction to elementary particles},
  author={Griffiths, David},
  year={2008},
  pages={23-30},
  note = {(pp.23 - 30)},
  publisher={John Wiley \& Sons}
}

@inproceedings{hagmann2007cosmic,
  title={Cosmic-ray shower generator (CRY) for Monte Carlo transport codes},
  author={Hagmann, Chris and Lange, David and Wright, Douglas},
  booktitle={2007 IEEE Nuclear Science Symposium Conference Record},
  volume={2},
  pages={1143--1146},
  year={2007},
  organization={IEEE}
}

@article{landau1944energy,
  title={On the energy loss of fast particles by ionization},
  author={Landau, Lev Davidovich},
  journal={J. Phys.},
  volume={8},
  pages={201--205},
  year={1944}
}

@article{hagmann2012cosmicCry,
  title={Cosmic-ray shower library (CRY)},
  author={Hagmann, Chris and Lange, David and Verbeke, Jerome and Wright, Doug},
  journal={Lawrence Livermore National Laboratory document UCRL-TM-229453},
  year={2012}
}

@techreport{hagmann2007monteCry,
  title={Monte carlo simulation of proton-induced cosimc ray cascades in the atmosphere},
  author={Hagmann, CA and Lange, DJ and Wright, DM},
  year={2007},
  institution={Lawrence Livermore National Lab.(LLNL), Livermore, CA (United States)}
}

@article{aliaga2014design,
  title={Design, calibration, and performance of the MINERvA detector},
  author={Aliaga, L and Bagby, L and Baldin, B and Baumbaugh, A and Bodek, A and Bradford, R and Brooks, WK and Boehnlein, D and Boyd, S and Budd, H and others},
  journal={Nuclear Instruments and Methods in Physics Research Section A: Accelerators, Spectrometers, Detectors and Associated Equipment},
  volume={743},
  pages={130--159},
  year={2014},
  publisher={Elsevier}
}

@article{Pla-Dalmau2014,
    author={Pla-Dalmau, A},
    year={2014},
    journal={Mu2e CD-2/3 Director's Review},
    url={https://indico.fnal.gov/event/8683/contributions/109016/attachments/71050/85275/Mu2e_CRV_CD2_L3_Scintillator_Extrusions.pdf}
}

@misc{ibdPictureLink,
  title = {{Inverse Beta Decay} image from double chooz presentation},
  howpublished = {\url{https://www.quantumdiaries.org/2011/11/09/first-double-chooz-neutrino-oscillation-result/}},
  year={2011},
  note = {Accessed: 2021 / 09 / 23}
}

@article{PANDA_2014,
   title={Reactor antineutrino monitoring with a plastic scintillator array as a new safeguards method},
   volume={757},
   ISSN={0168-9002},
   url={http://dx.doi.org/10.1016/j.nima.2014.04.065},
   DOI={10.1016/j.nima.2014.04.065},
   journal={Nuclear Instruments and Methods in Physics Research Section A: Accelerators, Spectrometers, Detectors and Associated Equipment},
   publisher={Elsevier BV},
   author={Oguri, S. and Kuroda, Y. and Kato, Y. and Nakata, R. and Inoue, Y. and Ito, C. and Minowa, M.},
   year={2014},
   month={Sep},
   pages={33â€“39}
}

@article{PANDA_2012,
   title={A mobile antineutrino detector with plastic scintillators},
   volume={690},
   ISSN={0168-9002},
   url={http://dx.doi.org/10.1016/j.nima.2012.06.040},
   DOI={10.1016/j.nima.2012.06.040},
   journal={Nuclear Instruments and Methods in Physics Research Section A: Accelerators, Spectrometers, Detectors and Associated Equipment},
   publisher={Elsevier BV},
   author={Kuroda, Y. and Oguri, S. and Kato, Y. and Nakata, R. and Inoue, Y. and Ito, C. and Minowa, M.},
   year={2012},
   month={Oct},
   pages={41â€“47}
}

@article{PANDA_tgf,
   title={Observation of gamma ray bursts at ground level under the thunderclouds},
   volume={758},
   ISSN={0370-2693},
   url={http://dx.doi.org/10.1016/j.physletb.2016.05.029},
   DOI={10.1016/j.physletb.2016.05.029},
   journal={Physics Letters B},
   publisher={Elsevier BV},
   author={Kuroda, Y. and Oguri, S. and Kato, Y. and Nakata, R. and Inoue, Y. and Ito, C. and Minowa, M.},
   year={2016},
   month={Jul},
   pages={286â€“291}
}

@misc{aap2015,
      title={Applied Antineutrino Physics 2015 -- Conference Summary}, 
      author={N. S. Bowden and K. M. Heeger and P. Huber and C. Mariani and R. B. Vogelaar},
      year={2016},
      eprint={1602.04759},
      archivePrefix={arXiv},
      primaryClass={hep-ex}
}

@misc{Solid_proposal,
      title={Technology of the SoLid detector and construction of the first submodule}, 
      author={Celine Moortgat},
      year={2015},
      eprint={1511.07603},
      archivePrefix={arXiv},
      primaryClass={physics.ins-det}
}

@article{Solid_readout,
   title={The SoLid anti-neutrino detectorâ€™s readout system},
   volume={12},
   ISSN={1748-0221},
   url={http://dx.doi.org/10.1088/1748-0221/12/02/C02012},
   DOI={10.1088/1748-0221/12/02/c02012},
   number={02},
   journal={Journal of Instrumentation},
   publisher={IOP Publishing},
   author={Arnold, L. and Beaumont, W. and Cussans, D. and Newbold, D. and Ryder, N. and Weber, A.},
   year={2017},
   month={Feb},
   pages={C02012â€“C02012}
}

@article{Ashenfelter_2016,
   title={Background radiation measurements at high power research reactors},
   volume={806},
   ISSN={0168-9002},
   url={http://dx.doi.org/10.1016/j.nima.2015.10.023},
   DOI={10.1016/j.nima.2015.10.023},
   journal={Nuclear Instruments and Methods in Physics Research Section A: Accelerators, Spectrometers, Detectors and Associated Equipment},
   publisher={Elsevier BV},
   author={Ashenfelter, J. and Balantekin, B. and Baldenegro, C.X. and Band, H.R. and Barclay, G. and Bass, C.D. and Berish, D. and Bowden, N.S. and Bryan, C.D. and Cherwinka, J.J. and et al.},
   year={2016},
   month={Jan},
   pages={401â€“419}
}

@misc{JEDEC_2006,
    title={Measurement and Reporting of Alpha Particle and Terrestrial
Cosmic Ray-Induced Soft Errors in Semiconductor Devices},
    note={Tech. Rep. JESD89a, JEDEC Solid State Technology Association},
    year={2006},
    month={October}
}

@misc{kernelTrickWeb,
    title={What is the kernel trick? Why is it important?},
    year={2018},
    month={Nov},
    note={\url{https://medium.com/@zxr.nju/what-is-the-kernel-trick-why-is-it-important-98a98db0961d}, accessed: 2021/10/13.}
}

(\url{https://en.wikipedia.org/wiki/Spherical_coordinate_system})

@misc{wikipeidaSphericalCoordinateSystem,
    title={Spherical Coordinate System},
    note={\url{https://en.wikipedia.org/wiki/Spherical_coordinate_system}, accessed: 2021/10/13.}
}
